@article {unified_c2,
author = {Schneider, Toby and Schmidt, Henrik},
title = {Unified command and control for heterogeneous marine sensing networks},
journal = {Journal of Field Robotics},
volume = {27},
number = {6},
publisher = {Wiley Subscription Services, Inc., A Wiley Company},
issn = {1556-4967},
url = {http://dx.doi.org/10.1002/rob.20346},
doi = {10.1002/rob.20346},
pages = {876--889},
year = {2010},
}

@article {moos-ivp-jfr,
author = {Benjamin, Michael R. and Schmidt, Henrik and Newman, Paul M. and Leonard, John J.},
title = {Nested autonomy for unmanned marine vehicles with {MOOS-IvP}},
journal = {Journal of Field Robotics},
volume = {27},
number = {6},
publisher = {Wiley Subscription Services, Inc., A Wiley Company},
issn = {1556-4967},
url = {http://dx.doi.org/10.1002/rob.20370},
doi = {10.1002/rob.20370},
pages = {834--875},
year = {2010},
}


@conference{dccl_oceans10,
  title={{The Dynamic Compact Control Language}: A Compact Marshalling Scheme for Acoustic Communications},
  author={Toby Schneider and Henrik Schmidt},
  booktitle={Proceedings of the IEEE Oceans Conference 2010},
  address = {Sydney, Australia},
  year={2010},
}


@MISC{moos,
      AUTHOR = "Paul Newman",
      TITLE = "{The MOOS}: Cross Platform Software for Robotics Research",
     url = {http://www.robots.ox.ac.uk/~mobile/MOOS/wiki/pmwiki.php}
}

@MISC{lcm,
      AUTHOR = "Albert S. Huang and Edwin Olson and David C. Moore",
      TITLE = "Lightweight Communications and Marshalling",
     url = {http://code.google.com/p/lcm/}
}

@MISC{protobuf,
	AUTHOR = "Google",
       TITLE = "Protocol Buffers",
URL = "http://code.google.com/apis/protocolbuffers/"
}

@MISC{goby-doc,
	AUTHOR = "{Goby Developers}",
       TITLE = "Goby Underwater Autonomy Project Documentation",
URL = "http://gobysoft.com/doc"
}

@MISC{postgres,
	AUTHOR = "{PostgreSQL Global Development Group}",
       TITLE = "PostgreSQL",
URL = "http://www.postgresql.org/"
}

@MISC{sqlite,
	AUTHOR = "{SQLite Developers}",
       TITLE = "SQLite",
URL = "http://www.sqlite.org/"
}

@MISC{proto-tutorial,
	AUTHOR = "Google",
       TITLE = "Protocol Buffer Basics: C++",
URL = "http://code.google.com/apis/protocolbuffers/docs/cpptutorial.html"
}

@MISC{proto-lang-ref,
	AUTHOR = "Google",
       TITLE = "Language Guide",
URL = "http://code.google.com/apis/protocolbuffers/docs/proto.html"
}

@MISC{mw-synchronous,
	AUTHOR = "{Merriam-Webster Online Dictionary}",
	TITLE = "synchronous",
	YEAR = "2011",
	URL = "http://www.merriam-webster.com/dictionary/synchronous"
}

@MISC{mw-asynchronous,
	AUTHOR = "{Merriam-Webster Online Dictionary}",
	TITLE = "asynchronous",
	YEAR = "2011",
	URL = "http://www.merriam-webster.com/dictionary/asynchronous"
}


@MISC{proto-gen-code,
	AUTHOR = "Google",
       TITLE = "C++ Generated Code",
URL = "http://code.google.com/apis/protocolbuffers/docs/reference/cpp-generated.html"
}


@book{Prata:2001:CPP:515923,
 author = {Prata, Stephen},
 title = {C++ Primer Plus (Fourth Edition)},
 year = {2001},
 isbn = {0672322234},
 edition = {4th},
 publisher = {Sams},
 address = {Indianapolis, IN, USA},
} 

@book{Stroustrup:2000:CPL:518791,
 author = {Stroustrup, Bjarne},
 title = {The  C++ Programming Language},
 year = {2000},
 isbn = {0201700735},
 edition = {3rd},
 publisher = {Addison-Wesley Longman Publishing Co., Inc.},
 address = {Boston, MA, USA},
} 



@MISC{cmake,
	AUTHOR = "{Kitware}",
	TITLE = "{CMake}",
	URL = "http://www.cmake.org/"
}

@MISC{wt,
	AUTHOR = "Emweb",
	TITLE = "{Wt}, a {C++} Web Toolkit",
	URL = "http://www.webtoolkit.eu/wt"
}


@MISC{lamss,
      TITLE = "The Laboratory for Autonomous Marine Sensing Systems ({LAMSS})",
     url = {http://lamss.mit.edu/}
}

